@misc{revswervemodule,
  title = {REV Robotics 21-3005},
  url = {https://www.revrobotics.com/rev-21-3005/},
  year = {2022}
}

@misc{limelight,
  title = {Limelight v3},
  url = {https://limelightvision.io/collections/products/products/limelight-3},
  year = {2023}
}

@misc {wpilib,
  title = {WPILib},
  url = {https://docs.wpilib.org/en/stable/index.html},
  year = {2024}
}

@misc {coral,
  title = {Coral USB Accelerator TPU},
  url = {https://coral.ai/products/accelerator/},
}

@article{kinectpaper,
  title={Evaluating the Accuracy of the Azure Kinect and Kinect v2},
  author={Kurillo, Gregorij and Hemingway, Evan and Cheng, Micha L. and Cheng, Ling},
  journal={Sensors},
  volume={22},
  number={7},
  pages={2469},
  year={2022},
  publisher={MDPI},
  doi={10.3390/s22072469},
  pmid={35408082},
  pmcid={PMC9002889}
}

@article{deepbozo-report,
  title={The DeepBozo Report},
  author={Youwen Wu, and Ananth Venkatesh},
  journal={eeXiv journal},
  year={2024},
  month={Jan},
  url={http://www.eexiv.org/document/view/deepbozo-report}
}

@article{eexiv-whitepaper,
  title={eeXiv Whitepaper},
  author={Ananth Venkatesh, and Youwen Wu},
  journal={eeXiv journal},
  year={2024},
  month={Mar},
  url={http://www.eexiv.org/document/view/eexiv-white-paper}
}

@article{lidar-whitepaper,
  author={Youwen Wu, and Ananth Venkatesh},
  title={The LiDAR Whitepaper},
  journal={eeXiv journal},
  year={2024},
  month={Feb},
  url={http://www.eexiv.org/document/view/lidar-whitepaper}
}